<?xml version="1.0" encoding="UTF-8"?><collection xmlns="http://www.loc.gov/MARC21/slim"><record><leader>00338nam--2200121-i-4500</leader><controlfield tag="001">000004131</controlfield><controlfield tag="002">20161230</controlfield><controlfield tag="005">20161230201025</controlfield><controlfield tag="008">060222s1000------------r-----000-0-eng-d</controlfield><datafield ind1=" " ind2=" " tag="080"><subfield code="a">62.52</subfield></datafield><datafield ind1=" " ind2=" " tag="245"><subfield code="a">Controlul, prevenirea si remedierea defectelor la piesele din otel turnat</subfield></datafield><datafield ind1=" " ind2=" " tag="260"><subfield code="a">Bucuresti, Editura Tehnica, 1952, 255 P</subfield></datafield><datafield ind1=" " ind2=" " tag="852"><subfield code="a">2244</subfield></datafield></record></collection>